@article{Kantelhardt2002,
  title     = {Multifractal detrended fluctuation analysis of nonstationary time series},
  author    = {Kantelhardt, Jan W. and Zschiegner, Stephan A. and Koscielny-Bunde, Eva and Havlin, Shlomo and Bunde, Armin and Stanley, H.Eugene},
  journal   = {Physica A},
  volume    = {316},
  number    = {1},
  pages     = {87--114},
  year      = {2002},
  doi       = {10.1016/S0378-4371(02)01383-3},
  issn      = {0378-4371},
  url       = {http://www.sciencedirect.com/science/article/pii/S0378437102013833}
}

@article{Ihlen2012,
  title     = {Introduction to {M}ultifractal {D}etrended {F}luctuation {A}nalysis in {M}atlab},
  author    = {Ihlen, E.},
  journal   = {Frontiers in Physiology},
  volume    = {3},
  pages     = {141},
  year      = {2012},
  doi       = {10.3389/fphys.2012.00141},
  issn      = {1664-042X},
  url       = {https://www.frontiersin.org/article/10.3389/fphys.2012.00141},
}

@article{Peng1994,
  title     = {Mosaic organization of {DNA} nucleotides},
  author    = {Peng, C.-K. and Buldyrev, S. V. and Havlin, S. and Simons, M. and Stanley, H. E. and Goldberger, A. L.},
  journal   = {Physical Review E},
  volume    = {49},
  issue     = {2},
  pages     = {1685--1689},
  year      = {1994},
  month     = {Feb},
  publisher = {American Physical Society},
  doi       = {10.1103/PhysRevE.49.1685},
  url       = {https://link.aps.org/doi/10.1103/PhysRevE.49.1685}
}

@article{Hu2001,
  title     = {Effect of trends on detrended fluctuation analysis},
  author    = {Hu, K. and Ivanov, P. Ch. and Chen, Z. and Carpena, P. and Eugene Stanley, H.},
  journal   = {Physical Review E},
  volume    = {64},
  issue     = {1},
  pages     = {011114},
  year      = {2001},
  month     = {Jun},
  publisher = {American Physical Society},
  doi       = {10.1103/PhysRevE.64.011114},
  url       = {https://link.aps.org/doi/10.1103/PhysRevE.64.011114}
}

@article{Hurst1951,
  title     = {Long-Term Storage Capacity of Reservoirs},
  author    = {Hurst, H. E.},
  journal   = {Transactions of the American Society of Civil Engineers},
  volume    = {116},
  issue     = {1},
  pages     = {770--799},
  year      = {1951},
}

@article{Barabasi1991,
  title     = {Multifractality of self-affine fractals},
  author    = {Barab\'asi, A.-L. and Vicsek, T.},
  journal   = {Physical Review A},
  volume    = {44},
  issue     = {4},
  pages     = {2730--2733},
  year      = {1991},
  month     = {Aug},
  publisher = {American Physical Society},
  doi       = {10.1103/PhysRevA.44.2730},
  url       = {https://link.aps.org/doi/10.1103/PhysRevA.44.2730}
}

@article{Movahed2006,
	title     = {Multifractal detrended fluctuation analysis of sunspot time series},
  author    = {Sadegh Movahed, M. and Jafari, G. R. and Ghasemi, F. and Rahvar, S. and Tabar, M. R. R.},
	journal   = {Journal of Statistical Mechanics: Theory and Experiment},
	volume    = {2006},
	number    = {02},
	pages     = {P02003},
	year      = {2006},
	month     = {Feb},
	publisher = {{IOP} Publishing},
  doi       = {10.1088/1742-5468/2006/02/p02003},
  url       = {https://doi.org/10.1088%2F1742-5468%2F2006%2F02%2Fp02003},
}

@article{Meyer2019,
  title     = {A simple decomposition of {E}uropean temperature variability capturing the variance from days to a decade},
  author    = {Meyer, P. G. and Kantz, H.},
  journal   = {Climate Dynamics},
  year      = {2019},
  month     = {Dec},
  day       = {01},
  volume    = {53},
  number    = {11},
  pages     = {6909--6917},
  issn      = {1432-0894},
  doi       = {10.1007/s00382-019-04965-0},
  url       = {https://doi.org/10.1007/s00382-019-04965-0}
}

@article{Ivanov1999,
  title     = {Multifractality in human heartbeat dynamics},
  author    = {Ivanov, P. Ch. and Amaral, L. A. N. and Goldberger, A. L. and Havlin, S. and Rosenblum, M. G. and Struzik, Z. R. and Stanley, H. E.},
  journal   = {Nature},
  volume    = {399},
  number    = {6735},
  pages     = {461},
  year      = {1999},
  publisher = {Nature Publishing Group},
  doi       = {10.1038/20924},
  url       = {https://doi.org/10.1038/20924}
}

@article{Shadkhoo2009,
  title     = {Scaling behavior of earthquakesâ€™ inter-events time series},
  author    = {Shadkhoo, S. and Ghanbarnejad, F. and Jafari, G. and Tabar, M. R. R.},
  journal   = {Open Physics},
  volume    = {7},
  number    = {3},
  pages     = {620--623},
  year      = {2009},
  publisher = {Versita},
  doi       = {10.2478/s11534-009-0058-0},
  url       = {https://www.degruyter.com/downloadpdf/j/phys.2009.7.issue-3/s11534-009-0058-0/s11534-009-0058-0.pdf}
}
